<?xml version="1.0" encoding="UTF-8"?><collection xmlns="http://www.loc.gov/MARC21/slim"><record><leader>00538nam--2200157-i-4500</leader><controlfield tag="001">000008877</controlfield><controlfield tag="002">20161230</controlfield><controlfield tag="005">20170208130642</controlfield><controlfield tag="008">060222s1000------------r-----000-0-eng-d</controlfield><datafield ind1=" " ind2=" " tag="080"><subfield code="a">577.391</subfield></datafield><datafield ind1=" " ind2=" " tag="100"><subfield code="a">Bittel, Robert</subfield></datafield><datafield ind1=" " ind2=" " tag="245"><subfield code="a">Discussion bibliographique sur le comportement physico-chimique et la radioecologie dans les systemes hydrobiologiques du cerium et de quelques autres lanthanides</subfield></datafield><datafield ind1=" " ind2=" " tag="260"><subfield code="a">Saclay</subfield><subfield code="b">Service Central De Documentation Du Cea</subfield><subfield code="c">1969</subfield></datafield><datafield ind1=" " ind2=" " tag="490"><subfield code="a">Cea-bib</subfield></datafield><datafield ind1=" " ind2=" " tag="852"><subfield code="a">D.1021</subfield></datafield><datafield ind1=" " ind2=" " tag="CAT"><subfield code="a">SYS</subfield><subfield code="c">20170208</subfield><subfield code="h">130642</subfield></datafield></record></collection>